2074 3840
114 135 139 170 vt
379 133 411 168 us
430 131 496 169 tuso
515 134 547 168 tr
566 135 622 170 rsus
641 133 765 170 rtsruts.

113 199 194 265 aprilis
218 197 390 264 asqttiuoctium
418 214 518 246 vernum
546 197 680 260 recederet,
714 200 797 247 statuit
825 199 890 248 idem
914 203 1027 266 Gregon'

111 279 241 328 bissextum
254 288 339 342 quarto
352 293 450 342 quoque
465 293 529 326 anuo
542 279 592 340 (uti
601 295 653 326 mos
662 281 708 342 est)
722 279 856 328 continuari
869 279 957 328 debere
968 316 975 342 ,
990 298 1035 345 pr·

113 367 223 422 terquam
235 356 260 404 in
276 356 409 403 centesimis
426 357 514 418 annis;
536 358 580 422 qui
597 358 707 422 quamvis
723 359 853 407 bissextiles
872 371 941 407 antea
957 376 1035 423 semp

113 435 219 497 suerint,
239 435 334 500 qtsuletu
355 435 427 482 etiam
442 452 491 482 csse
504 436 580 483 voluit
593 453 682 484 annum
706 435 792 498 1600,
814 455 877 486 anno
897 440 1018 486 correctio

113 515 266 580 proximum,
282 525 336 578 post
348 529 403 562 eum
424 525 523 578 samm,
543 516 585 580 qui
599 514 710 580 deinceps
722 530 898 580 consequentur
911 518 1035 564 centesim

113 609 162 642 non
174 609 257 641 omncs
276 592 406 640 bissextiles
418 603 511 654 essent,
532 593 616 642 sedin
634 593 809 660 quadringintis
825 597 963 660 quibusque
983 613 1029 643 aur

113 673 191 738 primi
199 673 291 738 quique
304 684 350 720 tres
362 672 482 720 centesimi
494 674 544 720 sine
556 673 659 720 bissexto
672 675 854 737 transigerentur
864 693 870 734 ;
882 685 984 738 quartus
997 691 1034 721 ve

115 753 218 817 quisque
232 751 372 800 centesimus
385 763 445 799 esset
456 752 593 814 bissextilis,
615 753 647 799 ita
665 763 693 800 ut
705 753 761 800 enni
778 768 856 817 ι7οο,
881 753 962 812 1800,
983 769 1037 820 ¹9

113 830 243 880 lissextiles
261 847 310 878 uon
322 831 382 893 sint,
395 847 458 879 anno
469 847 526 880 sero
539 844 622 892 aooo,
634 847 699 879 more
718 844 844 893 consueto,
862 831 913 880 dies
933 833 1031 880 bissext

114 911 274 970 intercaletur,
297 908 415 958 februario
427 909 478 958 dies
497 923 531 977 29
556 911 707 970 continente,
725 909 838 976 idemque
859 912 919 959 ordo
932 912 1027 959 interm

114 988 180 1037 tendi
192 974 395 1052 intercalandique
406 989 536 1037 bissextum
548 989 611 1038 diem
624 991 649 1038 in
662 987 842 1054 quadringentis
855 992 997 1056 quibusque
1011 1009 1026 1038 a

116 1070 153 1115 nis
164 1078 280 1133 perpetuo
292 1079 485 1116 conservaretur.

448 1208 565 1254 qusruos
586 1209 711 1249 teuton.

155 1303 267 1366 Qustuor
283 1305 399 1366 Tempora
423 1302 573 1349 celebrantur
594 1313 678 1366 quarta
695 1313 718 1349 et
742 1313 806 1348 sexta
823 1299 879 1346 seria
905 1317 932 1348 ac
950 1301 1030 1348 sabba

116 1391 168 1444 post
188 1381 279 1428 tertiam
296 1379 441 1430 dominicam
459 1380 596 1442 Adventus,
617 1393 670 1445 post
688 1382 790 1445 primam
807 1379 952 1427 dominicam
979 1383 1019 1444 Qi

116 1456 263 1522 elragesimae,
288 1470 342 1524 post
363 1458 508 1508 domisticam
529 1463 692 1520 Pente-costes,
713 1472 767 1524 pest
786 1459 871 1507 festum
894 1459 1026 1508 Exultatiot

117 1549 203 1585 satietas·
215 1537 309 1586 Crucis.

189 1712 282 1746 numu
302 1709 404 1755 Qulnno
425 1711 559 1746 cttsstttttt
578 1712 627 1746 ΕΘΝ
643 1712 749 1746 rossus?
768 1709 845 1746 ”le
862 1711 995 1746 DECRETL'!

443 1791 550 1826 cosctttt
570 1791 721 1825 sstntsrtttt.

156 1867 178 1914 ,l
189 1864 308 1914 dominica
320 1867 396 1932 prima
410 1865 535 1916 Adventus
546 1867 659 1931 usquein
671 1865 735 1914 diem
746 1865 901 1931 Epiphanius,
918 1877 941 1913 et
963 1885 976 1914 a
993 1867 1034 1916 l'er

118 1957 202 2010 quarta
214 1947 329 1994 cinerum
341 1961 419 2009 usque
432 1945 458 1994 in
469 1957 577 1994 octavam
590 1943 710 1992 Paschatis
732 1945 859 2005 inclusive,
880 1957 957 1992 stricta
976 1963 1028 2012 syn

117 2023 163 2070 dus
174 2024 333 2072 solemnitates
345 2025 484 2088 nuptiarum
496 2021 618 2088 probibet,
631 2025 656 2072 in
668 2025 719 2072 eliis
732 2041 787 2072 aeto
797 2025 942 2089 temporibus
953 2029 1031 2088 nupti

119 2103 256 2152 solemniter
266 2101 380 2151 celebrari
392 2103 514 2168 permittit.

293 2245 324 2280 DE
344 2245 421 2280 ciebo
441 2245 659 2281 DECENSOYEMAU
679 2245 753 2280 lutet
773 2249 874 2280 nt'ttttttt.

156 2335 246 2400 Cyclas
266 2333 480 2382 decennovennalis
510 2335 575 2382 aurei
596 2335 690 2382 numeri
713 2346 747 2382 est
768 2333 885 2382 terolutio
902 2338 996 2384 numeri
1027 2355 1035 2387 ι

118 2429 235 2462 annorum
250 2413 281 2460 sb
297 2429 306 2461 ι
323 2412 443 2478 usquead
462 2428 506 2480 19,
519 2431 567 2478 qua
582 2414 729 2461 resolutione
739 2425 841 2476 ριιιιιιι,1
853 2414 938 2461 iterum
951 2413 981 2462 ud
999 2435 1026 2464 tu

119 2505 190 2540 tatem
212 2491 310 2540 reditur.
328 2493 401 2542 Verbi
423 2493 496 2557 gratia
519 2509 524 2538 ι
547 2509 610 2541 utino
629 2491 692 2558 1577
713 2509 826 2540 nuuierus
846 2493 907 2558 cycli
931 2491 1027 2544 timeant

118 2571 237 2632 sennalis,
259 2571 302 2636 qui
325 2569 413 2620 dicitnr
435 2588 538 2632 curetis,
559 2585 606 2632 est,
637 2587 645 2618 ι
666 2587 728 2618 anne
749 2572 857 2635 sequenti
883 2570 948 2636 1578
972 2587 1008 2620 est

118 2661 140 2698 et
153 2651 185 2697 ita
198 2649 309 2715 deinceps
326 2651 351 2698 in
366 2651 522 2716 sequentibus
538 2653 620 2714 nautis,
640 2667 689 2698 utto
706 2667 797 2714 semper
814 2651 917 2715 amplius
930 2669 1009 2716 usqne
1025 2676 1030 2700 ι

124 2743 167 2796 19,
182 2729 225 2794 qui
242 2745 329 2778 aureus
345 2747 460 2778 numerus
476 2729 544 2778 cadet
562 2731 586 2778 in
607 2747 696 2778 anntuu
714 2729 793 2796 1595»,
807 2741 861 2794 post
875 2747 947 2796 quem
966 2733 1031 2780 iteru

118 2807 148 2856 ad
169 2807 286 2856 unitatem
308 2807 457 2858 redeundum
470 2821 523 2870 est,
542 2811 573 2856 ita
587 2821 614 2856 ut
632 2825 695 2858 rinno
719 2808 1013 2876 159tlaare1urumems

119 2903 201 2934 rttrstu
217 2901 238 2948 t,
250 2899 273 2934 et
286 2905 349 2936 anno
364 2887 428 2955 t597
444 2887 473 2936 sit
486 2903 513 2950 a,
526 2901 570 2936 etc.

157 2967 233 3029 igitur
242 2979 269 3014 ut
281 2983 368 3016 aurens
380 2983 496 3016 numerus
506 2967 613 3032 quolibet
627 2983 690 3014 anno
699 2967 821 3032 proposito
835 2969 976 3026 inveniatur,
987 2991 992 3014 ι
1002 2989 1035 3018 οη

119 3047 195 3109 posits
213 3057 247 3093 est
265 3063 368 3112 sequens
389 3047 474 3094 tabella
496 3063 623 3094 aureorum
635 3063 804 3106 nummorum,
817 3048 886 3112 cujus
899 3065 955 3094 usus
970 3049 1000 3096 in·
1012 3053 1027 3115 iq

119 3123 150 3170 sb
167 3139 230 3174 anno
250 3125 401 3174 correctionis
417 3123 484 3174 1581
498 3125 624 3186 inclusive,
637 3123 756 3190 duratque
769 3128 794 3174 ia
806 3139 956 3191 perpetuum.
978 3134 1013 3176 lix
1033 3154 1037 3171 ι

119 3201 183 3250 estius
201 3219 287 3252 eureus
303 3221 418 3254 numerus
436 3204 563 3270 cujuslibet
575 3205 631 3253 anni
648 3217 702 3270 post
722 3221 812 3254 annum
836 3205 902 3256 1581
922 3211 1033 3270 reperit-u

122 3279 165 3328 boc
177 3281 256 3330 inodo.

143 3441 1031 3516 6,7,8,9,10,21,12,13,1t,15,16,17,18,19.

470 3545 499 3590 s,
521 3543 551 3592 s,
571 3529 604 3590 3,
625 3527 658 3592 i,
679 3527 702 3578 5.
