2074 3840
134 61 190 104 uvi
508 57 563 94 suu
585 55 704 94 sumu.

162 135 226 188 lutri
237 136 290 186 ilisa
301 146 397 185 octavas
419 135 446 184 in
459 135 549 201 quibus
561 132 589 182 fit
600 134 631 185 sis
642 134 707 184 tostis
718 133 910 197 ooeusseotiisus,
924 135 1008 186 sautu

131 233 258 267 occurrens
269 217 296 264 iu
307 215 427 264 dominica
433 250 441 277 ,
462 213 602 264 tramiertnr
613 215 638 264 in
649 215 757 280 proxime
769 226 909 280 sequentem
922 213 988 265 diem
1004 237 1008 268 ι

132 299 152 346 ai
165 296 236 345 fuerit
247 293 362 361 impedita
373 295 420 342 alio
432 293 505 342 simili
514 293 587 358 festo,
599 291 740 344 transfertur
752 305 807 360 post
818 305 935 343 octavum.

168 381 205 425 Da
226 387 319 436 octava¹
330 374 467 424 Natiuitatis
484 374 599 436 Domini,
626 372 768 439 Epiphania
786 385 811 421 at
831 373 945 440 Corporis
967 373 1008 426 Cis

131 472 225 522 semper
237 451 265 502 tit
276 453 470 504 commemoratio
483 469 638 522 quocumque
651 451 739 502 festum
750 453 777 502 ia
786 452 834 500 iliis
848 465 998 505 oecurrente.

171 539 206 584 De
219 535 272 582 uliis
283 533 393 597 Octusm,
402 549 513 599 quanm
520 545 577 582 sunt
585 533 610 581 in
620 530 774 604 kalendario,
787 529 883 581 nihiiiit
895 533 978 583 sissia
993 551 1008 604 q

130 615 246 666 Cinensm
257 629 335 680 usque
347 612 377 662 sd
392 612 537 662 dominioom
550 612 577 661 in
588 612 657 676 olbis,
669 622 694 660 et
709 628 723 660 a
740 610 820 677 vigilis
835 615 987 662 Pentecoste·
1000 631 1008 664 ι

131 694 162 743 ad
174 693 261 742 festum
273 692 396 743 Trinitatis
410 692 528 742 inclusive
536 711 545 755 5
562 703 586 740 at
602 707 616 740 a
629 689 670 742 dio
688 706 717 757 ¹7
732 689 865 740 deoembsis
878 707 960 759 usqua
975 693 1008 744 ad

131 771 255 840 phaniam.

170 853 227 902 Dias
247 863 337 902 octava
359 868 487 919 nunquam
512 847 652 902 transfertur
677 869 684 900 ε
711 849 767 900 ideo
793 865 938 919 quanquam
958 857 1008 902 Nat

130 933 206 981 saneti
217 932 317 982 loannis
328 933 439 999 Baptista
450 947 576 982 oocureens
587 931 613 980 in
625 929 665 980 die
675 931 787 996 torporis
800 929 901 993 Christi,
920 933 1008 982 trsnsie

129 1011 155 1061 in
168 1009 233 1060 diens
244 1023 398 1078 sequentem,
417 1027 466 1062 noo
480 1023 560 1061 tomen
571 1008 711 1060 tsunsi'artur
721 1022 820 1078 ocum,
837 1009 880 1060 sad
891 1009 925 1060 tis
942 1027 970 1060 es
983 1009 1008 1064 iit

129 1103 183 1139 tum
191 1093 387 1141 commemoratio
398 1091 424 1140 in
436 1088 516 1141 officio
528 1089 559 1140 da
571 1101 655 1138 octssa
667 1089 780 1154 eorporis
790 1088 887 1140 Christi.

169 1170 194 1221 Si
205 1181 314 1220 ocusmt
336 1183 366 1220 ut
378 1173 496 1220 Patronus
507 1171 548 1218 sel
558 1169 653 1218 'titulus
665 1169 769 1216 ecclesias
782 1168 916 1235 descriptus
933 1169 966 1219 sit
990 1187 1008 1220 a«

129 1247 169 1298 iiia
181 1249 208 1299 in
219 1249 360 1300 kalendario
376 1267 433 1299 cum
451 1251 504 1300 aliis
516 1249 604 1298 sanetis
615 1283 623 1311 ,
641 1248 666 1296 in
678 1265 706 1296 as
719 1248 816 1298 ecclesie
829 1245 856 1296 fit
873 1261 969 1298 tentum
982 1247 1008 1299 dt

129 1340 200 1378 trono
212 1331 252 1378 sei
260 1329 362 1380 Tituiuri
373 1330 464 1395 absque
476 1327 702 1378 commemoratione
716 1327 884 1392 aiiorquni
891 1328 942 1378 siin
953 1328 1008 1377 dict«

129 1407 238 1458 lendario
254 1407 367 1474 descripti
378 1409 427 1458 sint
437 1409 484 1458 sub
504 1405 583 1456 officio
604 1406 696 1472 duplici
705 1443 713 1468 ,
729 1407 769 1454 rei
785 1405 957 1472 semiduplici,
975 1419 1008 1458 trs

128 1487 255 1537 maturio
265 1489 369 1553 primam
381 1487 447 1538 diam
457 1488 531 1538 simili
543 1483 623 1536 officio
640 1502 690 1535 non
708 1485 867 1552 impeditam,
891 1497 915 1535 et
933 1485 965 1536 de
982 1503 1008 1535 ιι

129 1563 236 1616 officium
248 1565 415 1634 semiduples:
429 1567 476 1616 nisi
486 1580 565 1616 tumeo
577 1565 625 1614 siut
637 1563 668 1613 do
680 1563 812 1632 majoribus
824 1565 897 1628 iestis,
907 1565 966 1632 quis
974 1578 1008 1616 tui

129 1647 244 1695 transieto
257 1661 355 1712 quoque
366 1642 406 1694 fiet
417 1643 524 1694 officium
537 1643 646 1710 duplex,
661 1661 689 1692 se
701 1644 722 1692 si
733 1645 832 1710 proprio
850 1643 890 1694 dia
908 1645 1008 1694 oetebm

129 1725 155 1776 Si
168 1741 225 1776 seso
240 1725 267 1776 iu
278 1723 420 1776 tanausis
431 1723 576 1776 omoeusios
594 1735 711 1788 tunquam
728 1722 815 1773 festum
835 1723 956 1789 impias,
977 1723 1008 1772 de

129 1803 193 1854 nihil
205 1802 239 1854 fit.

170 1887 206 1933 na
218 1882 283 1933 fariis
296 1881 421 1932 Adrastus
434 1894 458 1933 et
472 1881 690 1948 Qmeirogesimm,
717 1881 816 1948 quando
827 1880 858 1932 de
870 1881 904 1931 eis
917 1899 969 1934 noo
981 1879 1008 1932 fit

128 1960 240 2025 sium,fit
251 1963 476 2012 commemoratioin
482 1963 591 2028 utrisque
604 1961 714 2027 vesperis
726 1973 750 2009 ot
760 1961 884 2012 Laudibus
896 1961 1008 2030 cujuscut

129 2039 183 2090 sesti
195 2059 201 2090 z
213 2039 244 2091 de
256 2044 370 2107 Quattuor
380 2042 552 2108 Temporibus,
565 2039 656 2090 otieris
668 2039 772 2090 wwnda
785 2042 966 2108 Rogationem,
980 2059 1006 2090 ac

129 2121 184 2184 iiis,
197 2121 223 2172 iu
233 2119 356 2172 Laudibus
369 2133 470 2172 tentum.
489 2121 515 2172 si
527 2137 584 2169 voro
593 2122 675 2188 eliqua
688 2120 773 2185 sigiiia'
780 2133 889 2170 occurrat
900 2120 928 2170 in
940 2117 1008 2172 Adra

131 2200 337 2268 Quadrugesimn,
357 2212 380 2250 et
390 2203 504 2266 Quatuor
513 2199 689 2266 Temporibus,
705 2201 744 2248 soi
756 2201 782 2250 in
794 2199 879 2250 diebus
895 2199 1008 2250 sutorum

131 2281 231 2346 plinium
245 2281 328 2348 primm
340 2281 433 2344 classis,
446 2281 497 2330 siva
514 2279 628 2342 Petroni,
641 2281 680 2328 set
690 2279 782 2344 Tituli,
793 2292 836 2330 aut
847 2277 1008 2330 Dedicatiouit

131 2361 225 2424 daia,
239 2359 270 2409 de
281 2377 309 2409 eo
320 2357 432 2424 nihilis,
445 2377 488 2410 nec
500 2359 573 2409 etiam
582 2359 608 2408 in
618 2357 749 2408 mudthm.
