2154 3834
433 107 567 147 treanta.
886 84 993 158 ccxxvi]

110 193 194 254 Olenia
211 193 296 250 Patri.
584 192 687 248 Sancte
698 189 820 260 tacete,
832 209 955 266 orapro.

192 271 370 347 Antr'plaona.
584 272 688 326 Sancte
699 265 838 340 somnes,
856 289 907 326 ora
918 289 982 345 pro.

108 355 147 412 Ne
155 347 340 410 reminiscaris
350 391 358 421 ,
368 347 508 420 Dimine,
584 351 689 406 Sancte
698 347 825 417 Thomn,
838 367 889 404 ora
905 369 960 425 pro

70 435 163 491 delicta
177 443 274 488 nostra
294 431 341 486 vel
356 431 509 505 parentum
584 430 688 485 Sancte
699 425 824 497 Jacdbe,
838 445 889 482 ora
900 447 965 502 pro.

69 511 235 581 nostrii-nm,
244 527 340 582 neque
352 508 509 564 vindictam
584 509 687 564 Sancte
704 505 848 580 Philippa,
864 525 916 562 ora
929 526 994 582 pro.

68 610 157 650 sumas
169 591 205 648 de
217 585 343 665 percitis
354 588 489 666 noina„
584 588 688 642 Sancte
697 585 919 656 Bartholomaee,
934 605 994 642 ora.

585 667 688 722 Sancte
699 664 832 720 Matthaee
843 705 852 734 ,
865 682 918 720 ora
929 683 993 739 pro.

194 743 370 800 LITANIAE.
585 746 687 801 Sancte
703 744 818 814 Simon,
836 760 887 799 ora
898 762 962 817 pro.

585 825 687 880 Sancte
699 823 858 892 thaddaee,
868 841 919 877 ora
929 841 993 897 pro.

67 875 197 972 Rure,
211 901 327 958 eleison.
585 904 688 960 Sancte
700 903 823 971 Mathia,
836 920 887 956 ora
900 920 966 976 pro.

109 981 230 1052 Christe,
243 981 358 1038 eleison.
585 983 689 1037 Sancte
703 977 850 1052 Birnaha,
863 999 914 1036 ora
929 999 994 1057 pro.

107 1059 206 1134 Kyme,
218 1059 334 1116 eleison.
586 1061 689 1116 Sancte
698 1061 788 1128 Luca,
804 1079 855 1115 ora
865 1079 930 1136 pro.

107 1139 227 1208 Christe,
241 1139 309 1194 audi
322 1157 384 1194 nos.
586 1139 689 1195 Sancte
700 1139 873 1208 Marce,ora
901 1157 945 1194 ro.

107 1217 227 1288 Christe,
243 1213 347 1274 exaudi
361 1235 424 1273 nos.
586 1218 695 1274 Omnes
714 1217 803 1272 sancti
817 1219 863 1290 Ap
884 1217 950 1272 stoli
968 1229 997 1272 et

104 1299 185 1354 Pater
198 1296 235 1351 de
251 1297 337 1368 caelis,
352 1295 511 1368 necant-
546 1297 742 1371 Evangelistae,
770 1291 994 1370 ritepronobis.

59 1375 265 1437 sererenobis.
586 1314 997 1448 OmnesmsstiDmipfflDO

119 1455 170 1512 Fili
190 1453 368 1529 Redemptor
387 1453 516 1530 mundi,
547 1453 632 1523 mini,
649 1449 797 1530 oritepro
811 1453 904 1508 nobis.

56 1539 161 1604 Deus,
176 1533 310 1589 miserere
324 1533 418 1590 nohis.
587 1533 696 1589 Omnes
710 1531 800 1590 sancti
809 1533 996 1602 innocentes,

103 1612 225 1688 Spiritus
234 1613 347 1684 Sancte,
359 1614 448 1683 Dens,
458 1609 512 1666 mi-
548 1607 629 1669 0rite
638 1629 695 1687 pro
707 1611 799 1667 nobis.

53 1695 162 1754 serere
175 1691 284 1746 nobis.'
583 1693 687 1749 Sancte
698 1692 920 1766 Stephane,ora
930 1709 995 1765 pro.

91 1769 511 1841 SanctaTrinitas,nnuaDeus,
587 1771 692 1828 Sancte
705 1770 995 1844 Laurenti,orapro.

52 1851 203 1910 miserere
214 1848 307 1904 nobis.
588 1851 692 1907 Sancte
702 1849 853 1919 Vincenti,
869 1867 920 1905 ora
930 1867 995 1924 pro.

102 1931 208 1986 Sancta
220 1929 321 1998 Maria,
331 1945 382 1983 ora
389 1945 444 2003 pro
454 1945 512 1984 no·
588 1928 687 1986 Sancti
707 1925 832 1986 Fabiine
852 1939 880 1984 et
891 1927 997 1986 Sebas-

48 2009 116 2069 bis.
549 2003 640 2078 titine,
653 2003 734 2064 crite
768 2026 803 2069 ro
819 2008 913 2065 nobis.

98 2089 207 2146 Sancta
218 2085 272 2142 Dei
282 2085 492 2160 genitr-imre.
588 2087 685 2143 Sancti
700 2089 827 2142 Joannes
846 2098 874 2144 et
893 2087 996 2156 Paule,

98 2168 207 2224 Sancta
228 2165 318 2242 Virgo
337 2164 514 2240 virginum,
550 2161 630 2222 crite
643 2183 699 2241 pro
711 2166 804 2222 nobis.

44 2265 111 2306 ora
129 2263 188 2320 pro
199 2244 293 2300 nobis.
375 2241 377 2248 ’
588 2245 685 2302 Sancti
696 2245 798 2302 Cosma
810 2243 998 2316 anamiim,

96 2327 208 2382 Sancte
217 2323 356 2391 Michaei,
367 2339 417 2378 ora
428 2339 492 2398 pro.
550 2319 630 2380 orite
641 2345 697 2401 pro
710 2325 805 2382 nobis.

96 2405 209 2460 Sancte
220 2397 353 2471 thnet,
365 2419 417 2458 ora
427 2419 492 2477 pro.
589 2405 685 2461 Sancti
700 2401 818 2462 Gervtisi
830 2415 859 2460 et
870 2398 997 2472 Protisi,

94 2483 208 2539 Sancte
221 2475 349 2554 Riphaei
360 2521 369 2550 ,
384 2499 434 2536 ora
447 2499 512 2556 pro.
550 2478 632 2539 crite
645 2503 701 2558 pro
714 2483 807 2538 nobis.

94 2559 312 2617 Omnessancti
320 2559 515 2633 Angelietar·
590 2563 698 2619 Omnes
721 2559 812 2616 sancti
836 2556 999 2634 startyres,

36 2636 209 2712 changeti,
221 2634 302 2694 erite
313 2656 369 2712 pro
380 2637 473 2694 nobis.
550 2636 631 2696 erite
650 2657 706 2713 pm
719 2637 812 2693 nobis.

94 2719 217 2776 Omnes
245 2717 335 2773 sancti
362 2715 515 2774 beaterum
590 2719 693 2774 Sancte
702 2716 846 2786 Silvester,
859 2733 910 2772 ora
920 2733 986 2791 pro.

32 2797 226 2877 spirituum
233 2795 359 2864 tirdines,
366 2792 513 2872 oritepro.
590 2797 692 2852 Sancte
706 2793 841 2870 Gregdri,
854 2813 904 2850 ora
917 2813 982 2869 pro.

91 2879 210 2934 sancta
231 2871 357 2932 lcinnes
371 2876 515 2950 Baptista,
590 2876 693 2932 Sancte
706 2871 852 2944 Amarea,
862 2891 914 2929 ora
923 2891 987 2949 pro.

32 2975 105 3017 ora
123 2971 189 3030 pro
205 2953 298 3012 nobis.
590 2953 999 3031 SancteAugnstine,orapro.

88 3037 210 3093 Sancte
223 3034 484 3108 Josephmrapro.
590 3035 692 3091 Sancte
714 3031 909 3108 Hiertinyme,
949 3050 1000 3102 ora

88 3115 217 3170 Omnes
236 3112 327 3168 macti
347 3107 516 3168 Panitrchae
550 3129 607 3186 pro
627 3111 719 3168 nobis.
931 3156 937 3167 .

25 3207 70 3256 et
90 3191 276 3266 Propheta,
291 3187 372 3247 crite
383 3209 446 3266 pro.
591 3193 692 3248 Sancte
704 3190 842 3260 Martine,
853 3207 903 3246 ora
913 3207 978 3264 pro.

84 3271 318 3340 Sanctel'etre,
330 3288 381 3326 ora
391 3289 456 3345 pro.
592 3271 695 3326 Sancte
709 3265 904 3338 Nicoltie,ora
914 3286 979 3344 pro.

83 3349 447 3422 SanctePaule‚0rapro
592 3340 702 3408 manea
714 3346 1001 3405 sanctiPontiticeset
1029 3395 1036 3412 ,

83 3427 489 3504 SaneteAndrea,orapro.
554 3423 849 3501 eonteneremrtte
863 3445 929 3504 pro.
