2150 3840
319 113 463 152 connum
483 111 643 150 vrnornuu.
816 143 819 150 .
882 94 956 168 cxvii

50 199 220 259 Benedictio
227 199 307 255 Deus
317 200 400 255 Peter
408 217 472 255 om·
508 207 580 252 tore.
594 198 666 251 Nam
683 195 747 270 quis
763 207 957 269 tuntum,cum

11 285 165 358 nipotens.
507 275 666 344 invenerit,
687 277 830 351 relinquet
858 278 958 334 boni?

56 362 162 416 Sermo
205 357 294 414 sancti
325 355 472 414 Ambrosii
508 355 774 428 Unguentumenim
784 357 958 415 exinanitum

11 437 166 516 Episcopi.
348 455 350 460 ¹
509 445 551 489 est
564 451 670 488 nomen
685 444 764 489 tuum
780 455 787 489 :
803 439 958 511 propterea

170 533 327 571 uucrmrv.
508 513 727 568 adolescentule
743 513 905 571 dilexerunt
919 529 957 586 te,
1019 544 1022 552 ’

139 593 190 642 [us.
204 589 374 640 fflffitffilffll
511 603 539 647 et
557 595 732 648 attraxerunt
752 603 787 648 te.
810 595 957 652 Postremo

12 651 176 751 Quorum
202 669 289 726 hodie
311 665 411 725 natilis
431 679 474 724 est
510 690 570 726 nou
593 688 689 727 meum
713 682 754 729 est
779 672 863 743 illud,
880 673 958 748 quti-

12 750 168 826 Virginis,
184 748 287 806 invitat
300 767 379 803 nune
400 747 474 804 inte-
509 750 585 805 niam
602 771 665 825 quae
681 769 740 806 non
759 752 888 823 nubunt,
904 771 957 808 ue-

13 827 136 909 grititis
152 847 234 884 amor
257 841 290 884 ut
304 824 413 902 iliquid
437 827 474 882 de
509 849 566 903 que
592 832 753 899 nubentur,
780 843 864 888 erunt
886 832 959 888 sicut

12 903 187 984 virginitite
204 902 354 975 dicimus,
373 923 410 961 ne
423 909 475 962 ve-
510 910 614 982 Angeli
633 911 687 965 Dei
708 910 739 965 in
763 913 845 967 eoelo.
861 913 955 967 Nemo

13 991 76 1047 luti
98 983 220 1042 trinsitu
249 985 375 1060 quodam
396 1003 473 1060 prae-
511 1005 580 1061 ergo
616 988 761 1059 miretur,
788 991 811 1046 si
840 990 959 1066 Angelis

14 1071 123 1128 stricte
139 1063 270 1122 videitur
291 1083 354 1139 quae
367 1065 475 1140 princi·
511 1070 722 1141 comparentur,
741 1087 804 1141 quae
827 1069 958 1146 Angelo-

13 1149 96 1226 peilis
118 1156 161 1201 est
184 1145 282 1200 virtus.
309 1146 376 1200 Non
399 1143 474 1200 enim
510 1165 575 1201 rum
587 1143 903 1222 Dominocopuleintur.

13 1220 474 1298 ideolaudibilisvirginitnsquin
551 1219 581 1301 ¹i'
601 1224 728 1281 Dilexisti
754 1225 906 1298 justitiam,
932 1239 960 1284 et

13 1311 47 1365 in
66 1303 245 1378 martyribus
260 1303 475 1378 reperitur‚·sed
512 1303 596 1360 odisti
610 1301 786 1378 iniquititem
798 1325 805 1360 :
818 1305 830 1331 *
841 1308 960 1381 Propte-

14 1387 90 1462 quia
122 1383 185 1457 ipsa
214 1378 354 1456 mirtyres
383 1378 473 1437 ficiat.
511 1401 559 1439 ren
571 1384 653 1438 unxit
662 1395 689 1438 te
698 1385 882 1454 Deus,Deus
894 1397 960 1441 tuus

14 1465 98 1536 Quis
126 1472 222 1516 autem
256 1457 381 1517 homino
414 1479 475 1516 etun
512 1461 697 1520 (ileolaetitiae.
813 1501 820 1516 .

14 1543 117 1622 possit
149 1541 264 1616 iugenio
288 1541 477 1616 comprehen-
552 1542 585 1608 y.
601 1544 723 1616 Propter
742 1539 906 1613 verititcm,
933 1555 961 1598 et

14 1626 204 1694 decoquam
218 1637 272 1675 nec
295 1619 396 1675 nutura
419 1619 477 1675 suis
512 1619 782 1691 mansuetidinem,
822 1633 850 1677 et
874 1622 961 1694 justi-

15 1699 142 1760 inclusit
175 1699 309 1772 ligibus?
338 1710 388 1754 out
413 1699 477 1773 quis
512 1701 588 1754 tinm.

15 1777 150 1838 nuturili
158 1797 227 1833 voce
237 1779 388 1854 complecti
397 1777 477 1852 quod
553 1781 708 1853 Propterea
722 1779 805 1834 unxit
815 1789 852 1835 te.

15 1879 115 1936 supra
142 1875 225 1912 usum
248 1855 356 1914 nutrires
377 1857 477 1913 sitlE
554 1859 716 1914 Benedictio
726 1860 825 1934 Ignem
833 1857 963 1916 suinmtl·

15 1943 100 1998 coelo
134 1937 281 1992 accersivit
307 1937 388 2010 quod
411 1935 477 1990 imi-
513 1935 561 1991 ris.

15 2022 140 2076 teretur
154 2015 286 2071 interris.
302 2018 362 2072 Nec
375 2017 476 2071 imme·
656 2035 761 2072 ure-rto
781 2035 822 2072 vr.

15 2101 84 2156 rito
94 2095 213 2151 vivendi
223 2095 476 2169 sibiusumquaesl-
514 2067 599 2169 Quis
616 2095 705 2168 igitur
723 2107 809 2170 negot
827 2096 900 2151 hauc
917 2096 963 2150 vi-

15 2180 63 2232 vit
90 2193 107 2232 e
132 2175 223 2242 coelo,
249 2193 312 2248 quse
341 2191 477 2250 sponsum
515 2186 572 2230 tom
593 2173 708 2230 fluxisse
727 2175 964 2250 dccoelo,quom

17 2256 80 2314 sibi
91 2253 203 2310 ononis
212 2254 332 2310 incoelo.
516 2273 575 2309 non
589 2250 670 2310 sicile
685 2254 845 2312 invenimus
861 2255 890 2310 in
902 2267 964 2312 ter·

64 2331 99 2412 nl.
129 2333 252 2407 Propter
267 2329 428 2401 verititem,
452 2343 480 2388 et
516 2334 573 2402 ris,
597 2334 651 2390 nisi
673 2347 825 2410 postquam
840 2337 919 2392 Deus
933 2339 964 2390 in

17 2410 479 2484 mansuetudinem,etjustitinm,
516 2415 963 2491 baecterrenicorporismembrs

19 2497 88 2550 'Et
110 2489 237 2547 deducet
263 2502 291 2546 te
315 2491 481 2548 mirabiliter
516 2491 966 2549 descenditlTuncintiterovir·

18 2575 149 2630 de'xtera
163 2581 221 2626 tun.
517 2591 554 2646 go
565 2572 710 2646 concepit,
718 2585 746 2628 et
755 2573 885 2628 Verbum
897 2587 963 2626 curo

66 2651 102 2718 1.
123 2649 285 2726 speciem
304 2659 332 2705 et
350 2649 479 2724 pulchri·
516 2651 621 2706 iactum
648 2661 709 2717 est,
736 2662 769 2705 ut
792 2667 859 2704 caro
883 2649 966 2706 fieret

18 2729 134 2788 tridino
158 2741 207 2784 tue
233 2728 366 2798 intende,
393 2727 480 2804 pros-
517 2730 604 2782 Deus.
638 2727 721 2782 Dicet
751 2725 881 2801 iliquis:
907 2727 965 2784 Sed

17 2827 99 2885 pere
109 2808 253 2884 procede,
266 2819 294 2864 et
309 2826 405 2884 regua.
518 2807 600 2862 etium
615 2807 689 2862 Elios
708 2807 813 2862 nullius
833 2805 966 2882 corporei

66 2889 106 2944 Et
120 2886 254 2943 deducet.
519 2886 609 2943 coitus
625 2885 712 2940 fuisse
734 2887 892 2960 pemsixtus
914 2905 965 2942 ou-

64 2967 238 3024 Benedictio
248 2965 482 3042 Christusperpe·
518 2962 683 3041 pidititibus
712 2964 863 3022 iuvenitur.
893 2965 965 3021 Ideo

17 3061 94 3104 ωε.
391 3063 396 3068 ·
519 3063 589 3120 ergo
599 3063 684 3100 curru
694 3043 842 3119 reptusud
853 3045 965 3116 coelum,

185 3142 293 3180 sucuro
304 3141 331 3178 v.
519 3125 585 3180 ideo
598 3143 662 3180 cum
674 3119 965 3198 Dominoappiretin

69 3223 111 3259 nc
123 3199 320 3272 nubes,iem‚
338 3201 482 3276 Angelos,
519 3202 622 3278 glorio,
635 3203 701 3259 ideo
712 3203 849 3258 dominici
857 3201 964 3258 venui-

18 3281 484 3358 sideraquetrensgrediens,ver·
518 3302 568 3338 rus
579 3293 620 3338 est
631 3281 792 3356 precursor
806 3282 955 3338 adventus·

18 3365 99 3420 bum
125 3361 181 3416 Dei
194 3361 223 3416 in
240 3361 303 3437 ipso
314 3359 378 3416 sinu
395 3361 483 3416 Putris
558 3357 588 3440 e).
610 3361 771 3418 Afferentur
787 3362 860 3436 Regi
875 3361 966 3436 virgi-

20 3441 156 3512 invinit,
172 3451 201 3497 et
223 3451 285 3498 toto
304 3439 397 3496 bausit
411 3442 480 3516 pic·
519 3459 569 3498 nes
584 3453 650 3518 post
665 3461 740 3513 eam,
754 3441 891 3519 proxima
905 3441 965 3515 ejus
